



@book{zarchan,
  title={Fundamentals of Tactical Missile Guidance},
  author={Zarchan, P and Seebass, AR},
  journal={Tactical and Strategic Missile Guidance},
  volume={157},
  pages={25--43},
  year={1994},
  publisher={AIAA Reston, VA}
}


@book{yanushevsky2007modern,
  title={Modern missile guidance},
  author={Yanushevsky, Rafael},
  year={2007},
  publisher={CRC Press}
}


@book{shneydor1998missile,
  title={Missile guidance and pursuit: kinematics, dynamics and control},
  author={Shneydor, Neryahu A},
  year={1998},
  publisher={Elsevier}
}



@misc{Blighter,
title = {AUDS:Fully Integrated Counter-UAS System},
year = {Accessed:2017 },
url = {http://www.blighter.com/images/pdfs/brochures/auds-brochure.pdf}
}

@misc{Battelle,
title = {Battelle DroneDefneder},
year = {Accessed:2017 },
url = {https://www.battelle.org/government-offerings/national-security/aerospace-systems/counter-UAS-technologies/dronedefender}

}

@misc{SkyWall,
title = {SkyWall},
year = {Accessed:2017 },
url = {https://openworksengineering.com/skywall}

}

@misc{SkyWallBrochure,
title = SkyWall},
year = {Accessed:2017},
url = {$https://openworksengineering.com/images/skywall/SkyWall%20Brochure.pdf$}

}


@misc{Polar3d,
  author = {Freitas},
  title = {3d Polar Plot},
  year = 2006,
  url = {https://www.mathworks.com/matlabcentral/fileexchange/7656-3d-polar-plot},
  urldate = {2017-07-20}
}


@misc{WHDrone, title={A Drone, Too Small for Radar to Detect, Rattles the White House}, url={https://www.nytimes.com/2015/01/27/us/white-house-drone.html}, journal={The New York Times}, publisher={The New York Times}, author={Michael S. Schmidt and Michael D. Shear}, year={2015}, month={Jan}}

@misc{airportdrone, title={Drones near airports a real danger: Aviation pro}, url={https://www.cnbc.com/2014/11/20/drones-near-airports-a-real-danger-aviation-expert.html}, journal={CNBC}, publisher={CNBC}, author={Fox, Michelle}, year={2014}, month={Nov}}

@misc{Vance, title={Civilian drone invades Vance airspace}, url={http://www.enidnews.com/oklahoma/news/civilian-drone-invades-vance-airspace/article_c2a4f40f-a312-573d-b2c2-b0d4a13965ac.html}, journal={Enidnews.com}, author={Writer, Jeff Mullin Senior}, year={2017}, month={Jul}}

@misc{federal_aviation_administration_2017, title={Airspace Restrictions}, url={https://www.faa.gov/uas/where_to_fly/airspace_restrictions/}, journal={Federal Aviation Administration}, year={2017}, month={May}}


@inproceedings{isaac,
  title={An Optimal Aircraft Defense Strategy for the Active Target Defense Scenario},
  author={Weintraub, Isaac E and Garcia, Eloy and Casbeer, David and Pachter, Meir}
}


@article{oza2012impact,
  title={Impact-angle-constrained suboptimal model predictive static programming guidance of air-to-ground missiles},
  author={Oza, Harshal B and Padhi, Radhakant},
  journal={Journal of Guidance, Control and Dynamics},
  volume={35},
  number={1},
  pages={153--164},
  year={2012},
  publisher={American Institute of Aeronautics and Astronautics, 1801 Alexander Bell Dr., Suite 500 Reston VA 20191-4344 United States}
}



@inproceedings{kumar2014three,
  title={Three dimensional impact angle constrained guidance law using sliding mode control},
  author={Kumar, Shashi Ranjan and Ghose, Debasish},
  booktitle={American Control Conference (ACC), 2014},
  pages={2474--2479},
  year={2014},
  organization={IEEE}
}

@article{park2013optimal,
  title={Optimal impact angle control guidance law considering the seekerâ€™s field-of-view limits},
  author={Park, Bong-Gyun and Kim, Tae-Hun and Tahk, Min-Jea},
  journal={Proceedings of the Institution of Mechanical Engineers, Part G: Journal of Aerospace Engineering},
  volume={227},
  number={8},
  pages={1347--1364},
  year={2013},
  publisher={SAGE Publications Sage UK: London, England}
}

@inproceedings{ratnoo2009satisfying,
  title={Satisfying terminal angular constraint using proportional navigation},
  author={Ratnoo, Ashwini and Ghose, Debasish},
  booktitle={Proceeding of AIAA Guidance, Navigation, and Control Conference},
  pages={1--24},
  year={2009}
}

@book{singularitySolution,
  title={Fundamentals of Aerospace navigation and guidance},
  author={Kabamba, Pierre T and Girard, Anouck R},
  year={2014},
  publisher={Cambridge University Press}
}

@inproceedings{yamasaki_advanced_2009,
	title = {Advanced pure pursuit guidance via sliding mode approach for chase {UAV}},
	volume = {6298},
	booktitle = {Proceedings of {AIAA} {Guidance}, {Navigation} and {Control} {Conference}, {AIAA}},
	author = {Yamasaki, Takeshi and Enomoto, Keisuke and Takano, Hiroyuki and Baba, Yoriaki and Balakrishnan, S. N.},
	year = {2009},
	pages = {2009},
	file = {Advanced Pure Pursuit Guidance via Sliding Mode Approach for Chase UAV.pdf:C\:\\Users\\gc117711\\Zotero\\storage\\C2V462S9\\Advanced Pure Pursuit Guidance via Sliding Mode Approach for Chase UAV.pdf:application/pdf}
}

@inproceedings{ariyur_autonomous_2008,
	title = {Autonomous tracking of a ground vehicle by a {UAV}},
	booktitle = {American {Control} {Conference}, 2008},
	publisher = {IEEE},
	author = {Ariyur, Kartik B. and Fregene, Kingsley O.},
	year = {2008},
	pages = {669--671},
	file = {Autonomous Tracking of a Ground Vehicle by a UAV.pdf:C\:\\Users\\gc117711\\Zotero\\storage\\IFY2YBQW\\Autonomous Tracking of a Ground Vehicle by a UAV.pdf:application/pdf}
}

@inproceedings{teuliere_chasing_2011,
	title = {Chasing a moving target from a flying {UAV}},
	booktitle = {Intelligent {Robots} and {Systems} ({IROS}), 2011 {IEEE}/{RSJ} {International} {Conference} on},
	publisher = {IEEE},
	author = {Teuliere, Celine and Eck, Laurent and Marchand, Eric},
	year = {2011},
	pages = {4929--4934},
	file = {Chasing a moving target from a flying UAV.pdf:C\:\\Users\\gc117711\\Zotero\\storage\\VANY7D7Q\\Chasing a moving target from a flying UAV.pdf:application/pdf}
}

@inproceedings{baek_optimal_2013,
	title = {Optimal path planning of a target-following fixed-wing {UAV} using sequential decision processes},
	isbn = {978-1-4673-6358-7 978-1-4673-6357-0},
	url = {http://ieeexplore.ieee.org/document/6696775/},
	doi = {10.1109/IROS.2013.6696775},
	urldate = {2017-10-22},
	publisher = {IEEE},
	author = {Baek, Stanley S. and {Hyukseong Kwon} and Yoder, Josiah A. and Pack, Daniel},
	month = nov,
	year = {2013},
	pages = {2955--2962},
	file = {Optimal path planning of a target-following fixed-wing uav using sequential decision processes.pdf:C\:\\Users\\gc117711\\Zotero\\storage\\CZCNW626\\Optimal path planning of a target-following fixed-wing uav using sequential decision processes.pdf:application/pdf}
}

@inproceedings{lee_strategies_2003,
	title = {Strategies of path-planning for a {UAV} to track a ground vehicle},
	volume = {2003},
	booktitle = {{AINS} {Conference}},
	author = {Lee, Jusuk and Huang, Rosemary and Vaughn, Andrew and Xiao, Xiao and Hedrick, J. Karl and Zennaro, Marco and Sengupta, Raja},
	year = {2003},
	file = {Strategies of path-planning for a uav to track a ground vehicle.pdf:C\:\\Users\\gc117711\\Zotero\\storage\\XTCTSIJD\\Strategies of path-planning for a uav to track a ground vehicle.pdf:application/pdf}
}

@inproceedings{wise_uav_2006,
	title = {{UAV} coordination for autonomous target tracking},
	booktitle = {Proceedings of the {AIAA} {Guidance}, {Navigation}, and {Control} {Conference}, {Keystone}, {CO}, {Aug}},
	author = {Wise, Richard A. and Rysdyk, Rolf T.},
	year = {2006},
	pages = {21--24},
	file = {UAV coordination for autonomous target tracking.pdf:C\:\\Users\\gc117711\\Zotero\\storage\\DIRKX25E\\UAV coordination for autonomous target tracking.pdf:application/pdf}
}

@article{oliveira_moving_2016,
	title = {Moving {Path} {Following} for {Unmanned} {Aerial} {Vehicles} {With} {Applications} to {Single} and {Multiple} {Target} {Tracking} {Problems}},
	volume = {32},
	issn = {1552-3098, 1941-0468},
	url = {http://ieeexplore.ieee.org/document/7553466/},
	doi = {10.1109/TRO.2016.2593044},
	number = {5},
	urldate = {2017-09-30},
	journal = {IEEE Transactions on Robotics},
	author = {Oliveira, Tiago and Aguiar, A. Pedro and Encarnacao, Pedro},
	month = oct,
	year = {2016},
	pages = {1062--1078},
	file = {Moving Path following for Unmanned Aerial Vehicles with Applications to Single and Multiple Target Tracking Problems.pdf:C\:\\Users\\gc117711\\Zotero\\storage\\RBZ59E45\\Moving Path following for Unmanned Aerial Vehicles with Applications to Single and Multiple Target Tracking Problems.pdf:application/pdf}
}